@book {alexander-kapovitch-petrunin-2019,
    AUTHOR = {Alexander, Stephanie and Kapovitch, Vitali and Petrunin,
              Anton},
     TITLE = {An invitation to {A}lexandrov geometry},
    SERIES = {SpringerBriefs in Mathematics},
      NOTE = {CAT(0) spaces},
 PUBLISHER = {Springer, Cham},
      YEAR = {2019},
     PAGES = {xii+88},
      ISBN = {978-3-030-05311-6; 978-3-030-05312-3},
   MRCLASS = {53C23 (51F99 53C20 53C45 53C70)},
  MRNUMBER = {3930625},
       DOI = {10.1007/978-3-030-05312-3},
       URL = {https://doi.org/10.1007/978-3-030-05312-3},
}

@misc{alexander-kapovitch-petrunin-2025,
    title={Alexandrov geometry: preliminary version no. 1},
    author={Stephanie Alexander and Vitali Kapovitch and Anton Petrunin},
    year={2019},
    eprint={1903.08539},
    archivePrefix={arXiv},
    primaryClass={math.DG}
}

@article {petrunin-yashinski,
    AUTHOR = {Petrunin, A. and Yashinski, A.},
     TITLE = {Piecewise isometric mappings},
   JOURNAL = {Algebra i Analiz},
  FJOURNAL = {Rossi\u{\i}skaya Akademiya Nauk. Algebra i Analiz},
    VOLUME = {27},
      YEAR = {2015},
    NUMBER = {1},
     PAGES = {218--247},
      ISSN = {0234-0852},
   MRCLASS = {53C45 (26A16)},
  MRNUMBER = {3443270},
MRREVIEWER = {V. Oproiu},
       DOI = {10.1090/spmj/1381},
       URL = {https://doi.org/10.1090/spmj/1381},
}

 
@online{petrunin-zamorabarrera,
  title={Differential geometry of curves and surfaces: a working approach.},
  author={Petrunin, A. and Zamora Barrera, S.},
  url={https://anton-petrunin.github.io/comparison-geometry/curves-and-surfaces.pdf}
}
